@MISC{szukacz,
	HOWPUBLISHED = "\url{http://szukacz.pl/wiecej_o_szukaczu.html}",
	AUTHOR = "24 Godziny Sp. z o.o.",
	TITLE = "szukacz.pl",
	YEAR = "2000-2018",
}

@book{przyklad,
	author = {Back, Thomas and Fogel, David B. and Michalewicz, Zbigniew},
	title = {Advanced Algorithms and Operators},
	year = {1999},
	isbn = {0750306653},
	publisher = {IOP Publishing Ltd.},
	address = {GBR},
	edition = {1st},
}
@article{google-power-searching,
	title =        {{Google Power Searching}},
	journal =      "British Columbia Institute of Technology",
	year =         "2007",
	DOI="http://solr.bccampus.ca:8001/bcc/file/16ffd139-d1cc-f044-cbe0-aab31203e091/1/GoogleJune_2007.pdf",
}

@MISC{operatory-google,
	HOWPUBLISHED = "\url{https://sites.google.com/site/gwebsearcheducation/advanced-operators}",
	AUTHOR="Google",
	TITLE = {{Google Search Education Evangelism}},
	YEAR = "2011",
}

@ARTICLE{lucene-article,
	AUTHOR="Addagada Sridevi",
	TITLE={{Indexing and Searching Document Collections using Lucene}},
	JOURNAL="University of New Orleans Theses and Dissertations. 1070",
	YEAR="2007",
}

@MISC{similarity-documentation,
	HOWPUBLISHED = "\url{https://lucene.apache.org/core/4_0_0/core/org/apache/lucene/search/similarities/TFIDFSimilarity.html}",
	AUTHOR = "Apache Software Foundation",
	TITLE = {{Class TFIDFSimilarity}},
	YEAR = "2000-2012",
}

@ARTICLE{alg-on-cloud,
	AUTHOR="Deepali D. Rane, Shraddha T. Shela",
	TITLE={{Review of Lucene Indexing Algorithm on Public Cloud}},
	JOURNAL="International Journal for Research in Applied Science And Engineering Technology",
	YEAR="2017",
}

@MISC{google-how-search-works,
	HOWPUBLISHED = "\url{https://www.google.com/search/howsearchworks/crawling-indexing/}",
	AUTHOR="Google",
	TITLE = {{How Search Works}},
	YEAR = "2010",
}
@techreport{pagerank-report,
	number = {1999-66},
	month = {November},
	author = {Lawrence Page and Sergey Brin and Rajeev Motwani and Terry Winograd},
	note = {Previous number = SIDL-WP-1999-0120},
	title = {The PageRank Citation Ranking: Bringing Order to the Web.},
	type = {Technical Report},
	publisher = {Stanford InfoLab},
	year = {1999},
	institution = {Stanford InfoLab},
	url = {http://ilpubs.stanford.edu:8090/422/},
	abstract = {The importance of a Web page is an inherently subjective matter, which depends on the readers interests, knowledge and attitudes. But there is still much that can be said objectively about the relative importance of Web pages. This paper describes PageRank, a mathod for rating Web pages objectively and mechanically, effectively measuring the human interest and attention devoted to them. We compare PageRank to an idealized random Web surfer. We show how to efficiently compute PageRank for large numbers of pages. And, we show how to apply PageRank to search and to user navigation.}
}

@techreport{pagerank-powermethod-report,
	author = {Taher Haveliwala, Sepandar Kamvar, Dan Klein, Chris Manning, and Gene Golub},
	title = {Computing PageRank using Power Extrapolation},
	type = {Technical Report},
	publisher = {Stanford University},
	year = {2003},
	institution = {Stanford University},
	url = {https://nlp.stanford.edu/manning/papers/PowerExtrapolation.pdf},
}
